<record><leader>00000cas a2200000 a 4500</leader><controlfield tag="001">63193443</controlfield><controlfield tag="008">060130c200u9999caucr ne      0   a0eng c</controlfield><datafield ind1=" " ind2=" " tag="010"><subfield code="a">sn2006060177</subfield></datafield><datafield ind1=" " ind2=" " tag="040"><subfield code="a">CNK</subfield><subfield code="b">eng</subfield><subfield code="c">CNK</subfield><subfield code="d">OCLCQ</subfield><subfield code="d">OCLCF</subfield><subfield code="d">OCLCO</subfield></datafield><datafield ind1="1" ind2=" " tag="029"><subfield code="a">AU@</subfield><subfield code="b">000040182433</subfield></datafield><datafield ind1=" " ind2=" " tag="042"><subfield code="a">pcc</subfield></datafield><datafield ind1=" " ind2=" " tag="043"><subfield code="a">n-us-ca</subfield></datafield><datafield ind1="0" ind2=" " tag="130"><subfield code="a">Press-tribune (Roseville, Calif. : Granite Bay ed.)</subfield></datafield><datafield ind1="1" ind2="4" tag="245"><subfield code="a">The press-tribune.</subfield></datafield><datafield ind1=" " ind2=" " tag="250"><subfield code="a">Granite Bay ed.</subfield></datafield><datafield ind1=" " ind2=" " tag="260"><subfield code="a">Roseville, CA :</subfield><subfield code="b">Placer Community Newspapers, Inc.</subfield></datafield><datafield ind1=" " ind2=" " tag="310"><subfield code="a">Semiweekly</subfield></datafield><datafield ind1=" " ind2=" " tag="500"><subfield code="a">"Granite Bay Edition" appears in smaller type above "The Press-Tribune" in the masthead.</subfield></datafield><datafield ind1=" " ind2=" " tag="588"><subfield code="a">Description based on: Vol. 3, no. 123 (Mar. 19, 2005).</subfield></datafield><datafield ind1=" " ind2="0" tag="651"><subfield code="a">Placer County (Calif.)</subfield><subfield code="v">Newspapers.</subfield></datafield><datafield ind1=" " ind2="7" tag="655"><subfield code="a">Newspapers.</subfield><subfield code="2">fast</subfield><subfield code="0">(OCoLC)fst01423814</subfield></datafield><datafield ind1=" " ind2="7" tag="651"><subfield code="a">California</subfield><subfield code="z">Placer County.</subfield><subfield code="2">fast</subfield><subfield code="0">(OCoLC)fst01215713</subfield></datafield><datafield ind1=" " ind2=" " tag="752"><subfield code="a">United States</subfield><subfield code="b">California</subfield><subfield code="c">Placer</subfield><subfield code="d">Roseville.</subfield></datafield><datafield ind1="0" ind2=" " tag="775"><subfield code="t">Press-tribune (Roseville, Calif.)</subfield><subfield code="w">(DLC)sn 95062058</subfield></datafield><datafield ind1="4" ind2="1" tag="856"><subfield code="u">http://www.granitebaypt.com</subfield></datafield></record>